<?xml version="1.0" encoding="UTF-8"?><collection xmlns="http://www.loc.gov/MARC21/slim"><record><leader>00401nam--2200133-i-4500</leader><controlfield tag="001">000018812</controlfield><controlfield tag="002">20161230</controlfield><controlfield tag="005">20161230201032</controlfield><controlfield tag="008">060222s1000------------r-----000-0-eng-d</controlfield><datafield ind1=" " ind2=" " tag="080"><subfield code="a">801.323.1+802.0+800.935:539.1(03)</subfield></datafield><datafield ind1=" " ind2=" " tag="245"><subfield code="a">Concise dictionary of atomics</subfield></datafield><datafield ind1=" " ind2=" " tag="260"><subfield code="a">London, Peter Owen, 1965. Ix + 262 P</subfield></datafield><datafield ind1=" " ind2=" " tag="700"><subfield code="a">Del Vecchio, Alfred., With An Introduction By Von Braun, Wernher</subfield></datafield><datafield ind1=" " ind2=" " tag="852"><subfield code="a">D.352</subfield></datafield></record></collection>